@online{miktex,
  title        = {MiKTeX},
  author       = {MiKTeX},
  year         = {2024},
  url          = {https://miktex.org/download},
  note         = {Accessed: 2024-07-26}
}

@online{strawberryperl,
  title        = {Strawberry Perl},
  author       = {Strawberry Perl},
  year         = {2024},
  url          = {https://strawberryperl.com/},
  note         = {Accessed: 2024-07-26}
}
